<?xml version="1.0" encoding="UTF-8"?><collection xmlns="http://www.loc.gov/MARC21/slim"><record><leader>00562nam--2200181-i-4500</leader><controlfield tag="001">000037542</controlfield><controlfield tag="002">20161230</controlfield><controlfield tag="005">20161230201041</controlfield><controlfield tag="008">060222s1000------------r-----000-0-fre-d</controlfield><datafield ind1=" " ind2=" " tag="040"><subfield code="a">IFIN-HH</subfield></datafield><datafield ind1=" " ind2=" " tag="041"><subfield code="a">fre</subfield></datafield><datafield ind1=" " ind2=" " tag="080"><subfield code="a">539.126.34:539.171.2</subfield></datafield><datafield ind1="1" ind2=" " tag="100"><subfield code="a">Quenzer, A</subfield></datafield><datafield ind1="1" ind2="0" tag="245"><subfield code="a">Etude du facteur de forme electromagnetique du pion dans la region temps, du seuil de production a 9oo mev dans le centre de masse</subfield><subfield code="b">These</subfield><subfield code="c">A. quenzer</subfield></datafield><datafield ind1=" " ind2=" " tag="260"><subfield code="a">Paris</subfield><subfield code="b">Universite Paris-sud</subfield><subfield code="c">1977</subfield></datafield><datafield ind1=" " ind2=" " tag="300"><subfield code="a">330P</subfield></datafield><datafield ind1=" " ind2=" " tag="852"><subfield code="a">44807</subfield><subfield code="c">539.12</subfield></datafield><datafield ind1=" " ind2=" " tag="CAT"><subfield code="a">Sys</subfield><subfield code="c">20111128</subfield><subfield code="h">135250</subfield></datafield></record></collection>